<?xml version="1.0" encoding="UTF-8"?><collection xmlns="http://www.loc.gov/MARC21/slim"><record><leader>00426nam--2200157-i-4500</leader><controlfield tag="001">000039730</controlfield><controlfield tag="002">20161230</controlfield><controlfield tag="005">20170106154057</controlfield><controlfield tag="008">060222s1000------------r-----000-0-eng-d</controlfield><datafield ind1=" " ind2=" " tag="080"><subfield code="a">621.362:536=03.82=20</subfield></datafield><datafield ind1=" " ind2=" " tag="100"><subfield code="a">Preobrazhensky, V. P</subfield></datafield><datafield ind1=" " ind2=" " tag="245"><subfield code="a">Measurements and instrumentation in heat engineering. Vol.2</subfield></datafield><datafield ind1=" " ind2=" " tag="260"><subfield code="a">Moscow</subfield><subfield code="b">Mir Publishers</subfield><subfield code="c">1980</subfield></datafield><datafield ind1=" " ind2=" " tag="300"><subfield code="a">342 p</subfield></datafield><datafield ind1=" " ind2=" " tag="852"><subfield code="a">48855</subfield></datafield><datafield ind1=" " ind2=" " tag="CAT"><subfield code="a">SYS</subfield><subfield code="c">20170106</subfield><subfield code="h">154057</subfield></datafield></record></collection>